<?xml version="1.0" encoding="UTF-8"?><collection xmlns="http://www.loc.gov/MARC21/slim"><record><leader>00558nam--2200181-i-4500</leader><controlfield tag="001">000032120</controlfield><controlfield tag="002">20161230</controlfield><controlfield tag="005">20161230201039</controlfield><controlfield tag="008">060222s1000------------r-----000-0-fre-d</controlfield><datafield ind1=" " ind2=" " tag="040"><subfield code="a">IFIN-HH</subfield></datafield><datafield ind1=" " ind2=" " tag="041"><subfield code="a">fre</subfield></datafield><datafield ind1=" " ind2=" " tag="080"><subfield code="a">539.163.2(043)</subfield></datafield><datafield ind1="1" ind2=" " tag="100"><subfield code="a">Mallet-lemaire, M.C</subfield></datafield><datafield ind1="1" ind2="0" tag="245"><subfield code="a">Etude spectroscopique des noyaux de la couche 1f-2p a l`aide des reactions de transfert (16o, 14c) et (16o, 12c)</subfield><subfield code="b">These</subfield><subfield code="c">M.c. mallet-lemaire</subfield></datafield><datafield ind1=" " ind2=" " tag="260"><subfield code="a">Paris</subfield><subfield code="b">Universite De Paris</subfield><subfield code="c">1973</subfield></datafield><datafield ind1=" " ind2=" " tag="300"><subfield code="a">117P</subfield></datafield><datafield ind1=" " ind2=" " tag="852"><subfield code="a">40372</subfield><subfield code="c">539.163.2</subfield></datafield><datafield ind1=" " ind2=" " tag="CAT"><subfield code="a">Sys</subfield><subfield code="c">20120524</subfield><subfield code="h">150922</subfield></datafield></record></collection>